@online{8a,
    author    = "Roman Batsenko",
    title     = "Co to jest i jak zacząć bouldering",
    url       = "https://8a.pl/8academy/co-to-jest-i-jak-zaczac-bouldering/",
    urldate   = {2020-06-11}
}
